001  0000014
005  20180822174643.604
008  170211s||||     bl|||||||||||||||||por|u
020    $a9788561191580
040    $aPorto Alegre$bpor
080    $2869.0(81)-34$a1997
090    $a869.0(81)-34$bA474m$cv.5
100 1  $aAlves, Miriam
245 10 $aMulher mat(r)iz $bprosas de Miriam Alves$cMiriam Alves
260    $aBelo Horizonte$bNandyala$c2011
300    $a88 p.
490 0  $aColeções Vozes da Diáspora Negra$vv. 5
650    $aRelações de gênero
650    $aConto
650    $aRelações étnicos-raciais
